%! TEX root = ./cv.tex

@inproceedings{tmp-a3t,
    title = "\href{https://arxiv.org/abs/2203.09690}{A$^3$T: Alignment-Aware Acoustic and Text Pretraining for Speech Synthesis and Editing}",
    author = "Bai, He and
      Zheng, Renjie and
      Chen, Junkun and
      \textbf{Li}, \textbf{Xintong} and
      Ma, Mingbo and
      Huang, Liang",
    booktitle = "ICML",
    year = {2022},
    note = "(To appear)"
}


@inproceedings{tmp-paddlespeech,
    title = "\href{https://github.com/PaddlePaddle/PaddleSpeech}{PaddleSpeech: An Easy-to-Use All-in-One Speech Toolkit}",
    author = "Zhang, Hui and
      Yuan, Tian and
      Chen, Junkun and
      \textbf{Li}, \textbf{Xintong} and
      Zheng, Renjie and
      Huang, Yuxin and
      Chen, Xiaojie and
      Gong, Enlei and
      Chen, Zeyu and
      Hu, Xiaoguang and
      Yu, Dianhai and
      Ma, Yanjun and
      Huang, Liang",
    booktitle = "NAACL Demo Track",
    year = {2022},
    note = "(To appear)"
}

@inproceedings{maskharashvili-etal-2021-neural,
    title = "\href{https://aclanthology.org/2021.inlg-1.2}{Neural Methodius Revisited: Do Discourse Relations Help with Pre-Trained Models Too?}",
    author = "Maskharashvili, Aleksandre  and
      Stevens-Guille, Symon  and
      \textbf{Li}, \textbf{Xintong}  and
      White, Michael",
    booktitle = "Proceedings of the 14th International Conference on Natural Language Generation",
    month = aug,
    year = "2021",
    address = "Aberdeen, Scotland, UK",
    publisher = "Association for Computational Linguistics",
    pages = "12--23",
}

@inproceedings{li-etal-2021-self,
    title = "\href{https://aclanthology.org/2021.inlg-1.10}{Self-Training for Compositional Neural {NLG} in Task-Oriented Dialogue}",
    author = "\textbf{Li}, \textbf{Xintong}  and
      Stevens-Guille, Symon  and
      Maskharashvili, Aleksandre  and
      White, Michael",
    booktitle = "Proceedings of the 14th International Conference on Natural Language Generation",
    month = aug,
    year = "2021",
    address = "Aberdeen, Scotland, UK",
    publisher = "Association for Computational Linguistics",
    pages = "87--102",
}

@inproceedings{batra-etal-2021-building,
    title = "\href{https://aclanthology.org/2021.emnlp-main.53}{Building Adaptive Acceptability Classifiers for Neural {NLG}}",
    author = "Batra, Soumya  and
      Jain, Shashank  and
      Heidari, Peyman  and
      Arun, Ankit  and
      Youngs, Catharine  and
      \textbf{Li}, \textbf{Xintong} and
      Donmez, Pinar  and
      Mei, Shawn  and
      Kuo, Shiunzu  and
      Bhardwaj, Vikas  and
      Kumar, Anuj  and
      White, Michael",
    booktitle = "Proceedings of the 2021 Conference on Empirical Methods in Natural Language Processing",
    month = nov,
    year = "2021",
    address = "Online and Punta Cana, Dominican Republic",
    publisher = "Association for Computational Linguistics",
    doi = "10.18653/v1/2021.emnlp-main.53",
    pages = "682--697",
}

@article{li2021attending,
    title={\href{https://ieeexplore.ieee.org/document/9490355}{Attending From Foresight: A Novel Attention Mechanism for Neural Machine Translation}},
    author={\textbf{Li}, \textbf{Xintong} and Liu, Lemao and Tu, Zhaopeng and Li, Guanlin and Shi, Shuming and Meng, Max Q.-H.},
    journal={IEEE/ACM Transactions on Audio, Speech, and Language Processing},
    volume={29},
    year={2021},
    number={},
    pages={2606-2616},
    doi={10.1109/TASLP.2021.3097939}
}

@inproceedings{li-etal-2020-leveraging-large,
    title = "\href{https://www.aclweb.org/anthology/2020.webnlg-1.12}{Leveraging Large Pretrained Models for {W}eb{NLG} 2020}",
    author = "\textbf{Li}, \textbf{Xintong}  and
      Maskharashvili, Aleksandre  and
      Jory Stevens-Guille, Symon  and
      White, Michael",
    booktitle = "Proceedings of the 3rd International Workshop on Natural Language Generation from the Semantic Web (WebNLG+)",
    month = "12",
    year = "2020",
    address = "Dublin, Ireland (Virtual)",
    publisher = "Association for Computational Linguistics",
    pages = "117--124"
}

@inproceedings{stevens-guille-etal-2020-neural,
    title = "\href{https://www.aclweb.org/anthology/2020.inlg-1.37}{Neural {NLG} for Methodius: From {RST} Meaning Representations to Texts}",
    author = "Stevens-Guille, Symon  and
      Maskharashvili, Aleksandre  and
      Isard, Amy  and
      \textbf{Li}, \textbf{Xintong}  and
      White, Michael",
    booktitle = "Proceedings of the 13th International Conference on Natural Language Generation",
    month = dec,
    year = "2020",
    address = "Dublin, Ireland",
    publisher = "Association for Computational Linguistics",
    pages = "306--315"
}

@misc{li-white-wecnlp-2020,
    title = "\href{https://www.wecnlp.ai/wecnlp-2020/posters}{Self-Training for Compositional Neural NLG}",
    author = "\textbf{Li}, \textbf{Xintong} and White, Michael",
    note = "The third annual West Coast NLP Summit (WeCNLP), poster session",
    year = "2020",
}

@inproceedings{li-etal-2020-regularized,
    title = "\href{https://www.aclweb.org/anthology/2020.acl-main.757}{Regularized Context Gates on Transformer for Machine Translation}",
    author = "\textbf{Li}, \textbf{Xintong}  and
      Liu, Lemao  and
      Wang, Rui  and
      Huang, Guoping  and
      Meng, Max",
    booktitle = "Proceedings of the 58th Annual Meeting of the Association for Computational Linguistics",
    month = jul,
    year = "2020",
    address = "Online",
    publisher = "Association for Computational Linguistics",
    doi = "10.18653/v1/2020.acl-main.757",
    pages = "8555--8562",
}

@inproceedings{li-etal-2019-word,
    title = "\href{https://www.aclweb.org/anthology/P19-1124}{On the Word Alignment from Neural Machine Translation}",
    author = "\textbf{Li}, \textbf{Xintong}  and
      Li, Guanlin  and
      Liu, Lemao  and
      Meng, Max  and
      Shi, Shuming",
    booktitle = "Proceedings of the 57th Annual Meeting of the Association for Computational Linguistics",
    month = jul,
    year = "2019",
    address = "Florence, Italy",
    publisher = "Association for Computational Linguistics",
    doi = "10.18653/v1/P19-1124",
    pages = "1293--1303",
}

@inproceedings{li-etal-2019-understanding-improving,
    title = "\href{https://www.aclweb.org/anthology/N19-1046}{{U}nderstanding and {I}mproving {H}idden {R}epresentations for {N}eural {M}achine {T}ranslation}",
    author = "Li, Guanlin  and
      Liu, Lemao  and
      \textbf{Li}, \textbf{Xintong}  and
      Zhu, Conghui  and
      Zhao, Tiejun  and
      Shi, Shuming",
    booktitle = "Proceedings of the 2019 Conference of the North {A}merican Chapter of the Association for Computational Linguistics: Human Language Technologies, Volume 1 (Long and Short Papers)",
    month = jun,
    year = "2019",
    address = "Minneapolis, Minnesota",
    publisher = "Association for Computational Linguistics",
    doi = "10.18653/v1/N19-1046",
    pages = "466--477",
}

@inproceedings{li-etal-2018-target,
    title = "\href{https://www.aclweb.org/anthology/N18-1125}{Target Foresight Based Attention for Neural Machine Translation}",
    author = "\textbf{Li}, \textbf{Xintong}  and
      Liu, Lemao  and
      Tu, Zhaopeng  and
      Shi, Shuming  and
      Meng, Max",
    booktitle = "Proceedings of the 2018 Conference of the North {A}merican Chapter of the Association for Computational Linguistics: Human Language Technologies, Volume 1 (Long Papers)",
    month = jun,
    year = "2018",
    address = "New Orleans, Louisiana",
    publisher = "Association for Computational Linguistics",
    doi = "10.18653/v1/N18-1125",
    pages = "1380--1390",
}

@article{wang2018efficient,
  title={\href{https://ieeexplore.ieee.org/abstract/document/8391701}{Efficient Object Search With Belief Road Map Using Mobile Robot}},
  author={Wang, Chaoqun and Cheng, Jiyu and Wang, Jiankun and \textbf{Li}, \textbf{Xintong} and Meng, Max Q-H},
  journal={IEEE Robotics and Automation Letters},
  volume={3},
  number={4},
  pages={3081--3088},
  year={2018},
  publisher={IEEE}
}

@inproceedings{wang2016improved,
  title={\href{https://ieeexplore.ieee.org/document/7866392}{An improved rrt algorithm incorporating obstacle boundary information}},
  author={Wang, Jiankun and \textbf{Li}, \textbf{Xintong} and Meng, Max Q-H},
  booktitle={2016 IEEE International Conference on Robotics and Biomimetics (ROBIO)},
  pages={625--630},
  year={2016},
  organization={IEEE}
}

@inproceedings{lo2017motion,
  title={\href{https://ieeexplore.ieee.org/document/8037197}{Motion Artifact Reduction in PPG Signals based on Periodic Component Factorization}},
  author={Lo, Frank P.-W. and \textbf{Li}, \textbf{Charles X.-T.} and Wang, Jiankun and Meng, Max Q.-H.},
  booktitle={Engineering in Medicine and Biology Society (EMBC), 2017 IEEE 39th Annual International Conference of the},
  year={2017},
  organization={IEEE}
}

@inproceedings{lo2017continuous,
  title={\href{https://ieeexplore.ieee.org/document/8037207}{Continuous Systolic and Diastolic Blood Pressure Estimation utilizing Long Short-Memory Network}},
  author={Lo, Frank P.-W. and \textbf{Li}, \textbf{Charles X.-T.} and Wang, Jiankun and Cheng, Jiyu and Meng, Max Q.-H.},
  booktitle={Engineering in Medicine and Biology Society (EMBC), 2017 IEEE 39th Annual International Conference of the},
  year={2017},
  organization={IEEE}
}
